@inproceedings{michael,
	author    = {Loizos Michael and
	Wolfgang Nejdl and
	Odysseas Papapetrou and
	Wolf Siberski},
	title     = {Improving distributed join efficiency with extended bloom filter operations},
	booktitle = {21st International Conference on Advanced Information Networking and
	Applications {(AINA} 2007), May 21-23, 2007, Niagara Falls, Canada},
	pages     = {187--194},
	year      = {2007},
	crossref  = {DBLP:conf/aina/2007},
	url       = {http://dx.doi.org/10.1109/AINA.2007.80},
	doi       = {10.1109/AINA.2007.80},
	timestamp = {Tue, 16 Sep 2014 18:00:28 +0200},
	biburl    = {http://dblp.uni-trier.de/rec/bib/conf/aina/MichaelNPS07},
	bibsource = {dblp computer science bibliography, http://dblp.org}
}
@book{cormen,
	author    = {Thomas H. Cormen and
	Charles E. Leiserson and
	Ronald L. Rivest and
	Clifford Stein},
	title     = {Introduction to Algorithms {(3.} ed.)},
	publisher = {{MIT} Press},
	year      = {2009},
	url       = {http://mitpress.mit.edu/books/introduction-algorithms},
	isbn      = {978-0-262-03384-8},
	timestamp = {Wed, 31 Dec 2014 12:30:10 +0100},
	biburl    = {http://dblp.uni-trier.de/rec/bib/books/daglib/0023376},
	bibsource = {dblp computer science bibliography, http://dblp.org}
}
